@misc{calcolostewart1,
  title={Postepy in{\.z}ynierii biomedycznej},
  author={Leniowska, Lucyna and Nawrat, Zbigniew},
  year={2013},
  publisher={Uniwersytet Rzeszowski}
}

@manual{l298n,
    organization  = "STMicroelectronics",
    title         = "Dual Full-Bridge Driver",
    number        = "L298N"
}

@manual{ao3400,
    organization  = "Alpha \& Omega Semiconductors",
    title         = "N-Channel Enhancement Mode Field Effect Transistor",
    number        = "AO3400"
}

@manual{ao3401,
    organization  = "Alpha \&	 Omega Semiconductors",
    title         = "P-Channel Enhancement Mode Field Effect Transistor",
    number        = "AO3401"
}

@manual{TC4011BP,
    organization  = "Toshiba Semiconductor",
    title         = "Toshiba CMOS digital integrated circuit silicon monolithic",
    number        = "TC4011BP"
}

@inproceedings{adiprasetya2016implementation,
  title={Implementation of PID controller and pre-filter to control non-linear ball and plate system},
  author={Adiprasetya, Agung and Wibowo, Agung Surya},
  booktitle={2016 International conference on control, electronics, renewable energy and communications (ICCEREC)},
  pages={174--178},
  year={2016},
  organization={IEEE}
}

@article{calcolostewart2,
  title={Implementation of a ball and plate control system using sliding mode control},
  author={Bang, Heeseung and Lee, Young Sam},
  journal={IEEE Access},
  volume={6},
  pages={32401--32408},
  year={2018},
  publisher={IEEE}
}

@inproceedings{aphiratsakun2016ball,
  title={Ball on the plate Model based on PID tuning methods},
  author={Aphiratsakun, Narong and Otaryan, Nane},
  booktitle={2016 13th International Conference on Electrical Engineering/Electronics, Computer, Telecommunications and Information Technology (ECTI-CON)},
  pages={1--4},
  year={2016},
  organization={IEEE}
}

@inproceedings{moarref2008mechatronic,
  title={Mechatronic design and position control of a novel ball and plate system},
  author={Moarref, Miad and Saadat, Mohsen and Vossoughi, Gholamreza},
  booktitle={2008 16th Mediterranean Conference on Control and Automation},
  pages={1071--1076},
  year={2008},
  organization={IEEE}
}

@article{pianoresistivo,
  title={Using resistive touch screens for human/machine interface},
  author={Downs, Rick},
  journal={Analog Applications Journal Q},
  volume={3},
  pages={5--10},
  year={2005}
}

@article{cinematicadiretta,
  title={Kinematic analysis of a Stewart platform manipulator},
  author={Liu, Kai and Fitzgerald, John M and Lewis, Frank L},
  journal={IEEE Transactions on industrial electronics},
  volume={40},
  number={2},
  pages={282--293},
  year={1993},
  publisher={IEEE}
}

@article{cinematicadiretta2,
  title={The Stewart platform manipulator: a review},
  author={Dasgupta, Bhaskar and Mruthyunjaya, TS1739334},
  journal={Mechanism and machine theory},
  volume={35},
  number={1},
  pages={15--40},
  year={2000},
  publisher={Elsevier}
}